@INPROCEEDINGS{reference_formules,  
author={Saini, Preeti and Singh, Rishi Pal and Sinha, Adwitiya},  booktitle={2017 International Conference on Computing and Communication Technologies for Smart Nation (IC3TSN)},   
title={Path loss analysis of RF waves for underwater wireless sensor networks},   
year={2017},  
volume={},  
number={},  
pages={104-108},  
doi={10.1109/IC3TSN.2017.8284460}}